% ============================
% Chapter 1 - Introduction
% ============================

@inproceedings{ballagas2004byod,
	title={{BYOD}: Bring your own device},
	author={Ballagas, Rafael and Rohs, Michael and Sheridan, Jennifer G and Borchers, Jan},
	booktitle={Proceedings of the Workshop on Ubiquitous Display Environments, Ubicomp},
        pages={8pp},
	year={2004}
}

@article{thomson2012byod,
  title={{BYOD: enabling the chaos}},
  author={Thomson, Gordon},
  journal={Network Security},
  volume={2012},
  number={2},
  pages={5--8},
  year={2012},
  publisher={Elsevier}
}

@article{song2014bring,
	title={{``Bring Your Own Device (BYOD)'' for seamless science inquiry in a primary school}},
	author={Song, Yanjie},
	journal={Computers \& Education},
	volume={74},
	pages={50--60},
	year={2014},
	publisher={Elsevier}
}

@article{singh2012byod,
  title={{BYOD genie is out of the bottle: ``Devil or angel''}},
  author={Singh, Niharika},
  journal={Journal of Business Management \& Social Sciences Research},
  volume={1},
  number={3},
  pages={1--12},
  year={2012},
  publisher={Citeseer}
}